@book{WARR1998,
  title={A Multi-view Interferometer for Electron Density Tomography on the H-1NF Heliac},
  author={Warr, G.B.},
  url={http://books.google.com.au/books?id=HHNBNAAACAAJ},
  year={1998},
  publisher={Australian National University}
}

@article{WARR1997,
title = "First results from the three-view far-infrared interferometer for the {H1} heliac ",
journal = "Fusion Eng. Design",
volume = "34--35",
number = "",
pages = "387--391",
year = "1997",
issn = "0920-3796",
doi = "http://dx.doi.org/10.1016/S0920-3796(96)00649-7",
url = "http://www.sciencedirect.com/science/article/pii/S0920379696006497",
author = "G. Warr and B. D. Blackwell and J. Wach and J. Howard"
}

@article{HOWARD2006, 
author = {John Howard and David Oliver}, 
journal = {Appl. Opt.}, 
keywords = {Interferometry; Plasmas},
number = {34}, 
pages = {8613--8620}, 
publisher = {OSA},
title = {Electronically swept millimeter-wave interferometer for spatially resolved measurement of plasma electron density}, 
volume = {45}, 
month = {Dec},
year = {2006},
url = {http://ao.osa.org/abstract.cfm?URI=ao-45-34-8613},
doi = {10.1364/AO.45.008613},
abstract = {We report the development and initial implementation of what we believe to be a new rapid-spatial-scan millimeter-wave interferometer for plasma density measurements.The fast scan is effected by electronic frequency sweeping of a wideband(180-280 GHz) backward-wave oscillator whose output is focused onto a fixed blazed diffraction grating. The system, which augments the rotating-grating scanned multiview H-1 heliac interferometer, can sweep the plasma cross section in a period of less than 1 ms with a beam diameter in the plasma of20 mm and phase noise of the order of0.01 rad.},
}

@ARTICLE{OLIVER2006, 
author={Oliver, David and Howard, John and Kumar, Santhosh T A and Pretty, D. G. and Blackwell, B.D.}, 
journal={Rev. Sci. Instrum.}, 
title={Three view electronically scanned interferometer for plasma electron density measurements on the {H-1} heliac}, 
year={2006}, 
volume={77}, 
number={10}, 
pages={10E907--10E907--3}, 
abstract={We report the development of a three view electronically scanned millimeter-wave interferometer for plasma electron density profile measurement on the H-1 heliac. The system utilizes an electronically tunable backward-wave oscillator whose output is incident on a fixed blazed diffraction grating such that sweeping the source frequency effects a spatial scan of the plasma cross section. Two diagonal views essentially span most of the plasma cross section, while the horizontal arm views the lower half of the plasma. The diffracted beams traverse the plasma in ≪1 ms with a spatial resolution ∼20 mm. A study of the density projection dependence on magnetic configuration shows that the presence of low-order rational surfaces in the plasma gives rise to sharp density gradients in the vicinity of the surface.}, 
keywords={plasma density;plasma diagnostics;plasma toroidal confinement;plasma-wall interactions;stellarators;5225Os;5240Hf;5255Hc;5270Gw}, 
doi={10.1063/1.2218839}, 
ISSN={0034-6748},}

@article{HOWARD1992:2,
   author = "Howard, John and Warr, George B. and Dodds, Peter",
   title = "Multichannel interferometry using high ‐ order rotating diffraction gratings",
   journal = "Rev. Sci. Instrum.",
   year = "1992",
   volume = "63",
   number = "10", 
   pages = "4965-4967",
   url = "http://scitation.aip.org/content/aip/journal/rsi/63/10/10.1063/1.1143513",
   doi = "http://dx.doi.org/10.1063/1.1143513" 
}

@incollection{DONNE1995,
year={1998},
isbn={978-1-4613-7442-8},
booktitle={Diagnostics for Experimental Thermonuclear Fusion Reactors 2},
editor={Stott, Peter E. and Gorini, Giuseppe and Prandoni, Paolo and Sindoni, Elio},
doi={10.1007/978-1-4615-5353-3_22},
title={Polarimetry for Poloidal Field Measurements},
url={http://dx.doi.org/10.1007/978-1-4615-5353-3_22},
publisher={Springer US},
author={Donn\'{e}, A.J.H. and Edlington, T. and Joffrin, E. and Koslowski, H.R. and Nieswand, Ch. and Segre, S. and Stott, P. and Warrick, C. and Zanza, V.},
pages={203-212},
language={English}
}

@article{HARTFUSS1997,
  title={Heterodyne methods in millimetre wave plasma diagnostics with applications to ECE, interferometry and reflectometry},
  author={Hartfuss, H.J. and Geist, T. and Hirsch, M.},
  journal={Plasma Physics and Controlled Fusion},
  volume={39},
  number={11},
  pages={1693},
  year={1997},
  publisher={IOP Publishing}
}


@article{ito2001improved,
  title={Improved resolution for a multi-fringe phase detection circuit of a far infrared laser interferometer on LHD},
  author={Ito, Y. and Haba, K. and Tokuzawa, T. and Kawahata, K.},
  journal={Fusion engineering and design},
  volume={56},
  pages={965--968},
  year={2001},
  publisher={Elsevier}
}

@article{KAWAHATA1997,
  title={Design and construction of a far infrared laser interferometer for the LHD},
  author={Kawahata, K. and Ejiri, A. and Tanaka, K. and Ito, Y. and Okajima, S.},
  journal={Fusion engineering and design},
  volume={34},
  pages={393--397},
  year={1997},
  publisher={Elsevier}
}

@article{JIANG1995,
  title={Horizontal-view interferometer on {TEXT}-Upgrade},
  author={Jiang, Y. and Brower, D.L.},
  journal={Rev. Sci. Instrum.},
  volume={66},
  number={1},
  pages={852--854},
  year={1995},
  publisher={AIP Publishing}
}

@article{ROMMERS1997,
  title={The multichannel triple-laser interferometer/polarimeter system at RTP},
  author={Rommers, J.H. and Donn{\'e}, A.J.H. and Karelse, F.A. and Howard, J.},
  journal={Rev. Sci. Instrum.},
  volume={68},
  number={2},
  pages={1217--1226},
  year={1997},
  publisher={AIP Publishing}
}

@article{CANTON2006,
  title={Two-color medium-infrared scanning interferometer for the Frascati tokamak upgrade fusion test device},
  author={Canton, A. and Innocente, P. and Tudisco, O.},
  journal={Appl. Optics},
  volume={45},
  number={36},
  pages={9105--9114},
  year={2006},
  publisher={Optical Society of America}
}

@Article{HAMBERGER1990,
  author = 	 {Hamberger, Sydney M. and Blackwell, Boyd D. and Sharp, Leslie E. and Shenton, D. B.},
  title = 	 {H-1 Design and Construction},
  journal = 	 {Fusion Tech.},
  year = 	 {1990},
  volume = 	 {17},
  number = 	 {1},
  pages = 	 {123-130},
  month = 	 {January}
}

@article{RENK1962,
  title={Interference filters and Fabry-Perot interferometers for the far infrared},
  author={Renk, K.F. and Genzel, L.},
  journal={Appl. Optics},
  volume={1},
  number={5},
  pages={643--648},
  year={1962},
  publisher={Optical Society of America}
}

@article{VANVLIET81,
  title={Quarter Wave Plates for Submillimeter Wavelengths},
  author={van Vliet, A.H.F. and de Graauw, Th.},
  journal={Int. J. Infrared Milli,},
  volume={2},
  year={1981},
  number={3},
  pages={465--477}
}

@article{CASEY1952,
  title={Interferometer action of a parallel pair of wire gratings},
  author={{Casey, Jr.}, Joseph P. and Lewis, Edward A.},
  journal={J. Opt. Soc. Am.},
  volume={42},
  number={12},
  pages={971--973},
  year={1952},
  publisher={Optical Society of America}
}

@book{MARCUVITZ1951,
  title={Waveguide Handbook},
  author={Marcuvitz, Nathan},
  year={1951},
  publisher={McGraw-Hill Book Company}
}

@phdthesis{MAHON2011,
  title={Modal Analysis of Millimetre-wave and Terahertz Imaging Systems},
  author={Mahon, Ronan John},
  year={2011},
  school={National University of Ireland Maynooth}
}

@article{DEINEGA2010,
  title={Antireflective properties of pyramidally textured surfaces},
  author={Deinega, Alexei and Valuev, Ilya and Potapkin, Boris and Lozovik, Yurii},
  journal={Opt. Lett.},
  volume={35},
  number={2},
  pages={106--108},
  year={2010},
  publisher={Optical Society of America}
}